@ONLINE{pencilProject,
	Author = {Evolus},
	Date-Added = {2012-12-04 18:10:58 +0000},
	Date-Modified = {2012-12-04 18:10:58 +0000},
	Lastchecked = {04.12.2012},
	Title = {Pencil Project},
	Url = {http://pencil.evolus.vn/}
}
@BOOK{halliday,
   AUTHOR="D. Halliday, R. Resnick, J. Walker",
   TITLE="Physik Bachelor-Edition",
   PUBLISHER="Wiley-VCH GmbH \& Co. KGaA",
   YEAR=2000
}
@ONLINE{github,
	Author = {github},
	Date-Added = {2012-12-04 18:10:58 +0000},
	Date-Modified = {2012-12-04 18:10:58 +0000},
	Lastchecked = {04.12.2012},
	Title = {Github},
	Url = {https://github.com/alexgustafson/HandHeld}
}
@ONLINE{eclipse,
	Author = {eclipse},
	Date-Added = {2012-06-12 08:30:58 +0000},
	Date-Modified = {2012-06-12 11:44:23 +0000},
	Lastchecked = {15.06.2012},
	Title = {Eclipse},
	Url = {http://www.eclipse.org/}
}
@ONLINE{cflwikipedia,
	Author = {wikipedia},
	Date-Added = {2012-06-12 08:30:58 +0000},
	Date-Modified = {2012-06-12 11:44:23 +0000},
	Lastchecked = {15.06.2012},
	Title = {CFL-Wikipedia},
	Url = {http://en.wikipedia.org/wiki/Courant-Friedrichs-Lewy_condition}
}
@ONLINE{schoolofphysics,
	Author = {School of Physics, University of New South Wales},
	Date-Added = {2012-06-12 08:30:58 +0000},
	Date-Modified = {2012-06-12 11:44:23 +0000},
	Lastchecked = {15.06.2012},
	Title = {SchoolOfPhysics},
	Url = {http://www.animations.physics.unsw.edu.au/waves-sound/}
}
@ONLINE{terriaMobile,
	Author = {Terria AG},
	Fszr-Added = {2012-12-12 08:30:58 +0000},
	Date-Modified = {2012-12-12 08:30:58 +0000},
	Lastchecked = {11.02.2013},
	Title = {Terria},
	Urtl = {http://www.rerria.com}
}
@ONLINE{Xcode4,
	Author = {Apple},
	Date-Added = {2012-12-12 08:30:58 +0000},
	Date-Modified = {2012-12-12 08:30:58 +0000},
	Lastchecked = {11.02.2013},
	Title = {Xcode 4},
	Url = {https://developer.apple.com/technologies/tools/}
}
@ONLINE{PhpStorm,
	Author = {JetBrains},
	Date-Added = {2012-12-12 08:30:58 +0000},
	Date-Modified = {2012-12-12 08:30:58 +0000},
	Lastchecked = {11.02.2013},
	Title = {Php Storm},
	Url = {http://www.jetbrains.com/phpstorm/}
}
@ONLINE{sqlite,
	Author = {SQLite Consortium},
	Date-Added = {2012-12-12 08:30:58 +0000},
	Date-Modified = {2012-12-12 08:30:58 +0000},
	Lastchecked = {11.02.2013},
	Title = {SQLite},
	Url = {http://www.sqlite.org/}
}
@ONLINE{codeigniter,
	Author = {EllisLab},
	Date-Added = {2012-12-12 08:30:58 +0000},
	Date-Modified = {2012-12-12 08:30:58 +0000},
	Lastchecked = {11.02.2013},
	Title = {CodeIgniter},
	Url = {http://ellislab.com/codeigniter}
}
@ONLINE{optimus,
	Author = {Lukasz Holeczek},
	Date-Added = {2012-12-12 08:30:58 +0000},
	Date-Modified = {2012-12-12 08:30:58 +0000},
	Lastchecked = {11.02.2013},
	Title = {Optimus Dashboard},
	Url = {https://wrapbootstrap.com/theme/optimus-dashboard-admin-template-WB0016FX5}
}
@ONLINE{elfinder,
	Author = {Studio 42},
	Date-Added = {2012-12-12 08:30:58 +0000},
	Date-Modified = {2012-12-12 08:30:58 +0000},
	Lastchecked = {11.02.2013},
	Title = {elFinder},
	Url = {http://elfinder.org/}
}
@ONLINE{git,
	Author = {git},
	Date-Added = {2012-12-12 08:30:58 +0000},
	Date-Modified = {2012-12-12 08:30:58 +0000},
	Lastchecked = {12.02.2013},
	Title = {git},
	Url = {http://git-scm.com/}
}